<?xml version="1.0" encoding="UTF-8"?><collection xmlns="http://www.loc.gov/MARC21/slim"><record><leader>00356nam--2200145-i-4500</leader><controlfield tag="001">000020524</controlfield><controlfield tag="002">20161230</controlfield><controlfield tag="005">20170205010330</controlfield><controlfield tag="008">060222s1000------------r-----000-0-eng-d</controlfield><datafield ind1=" " ind2=" " tag="080"><subfield code="a">539.371</subfield></datafield><datafield ind1=" " ind2=" " tag="100"><subfield code="a">Ganeeva, M. S</subfield></datafield><datafield ind1=" " ind2=" " tag="245"><subfield code="a">Procinosti i ustoistv obolocek vrashenia</subfield></datafield><datafield ind1=" " ind2=" " tag="260"><subfield code="a">Moscva</subfield><subfield code="b">Nauka</subfield><subfield code="c">1992</subfield></datafield><datafield ind1=" " ind2=" " tag="852"><subfield code="a">80428</subfield></datafield><datafield ind1=" " ind2=" " tag="CAT"><subfield code="a">SYS</subfield><subfield code="c">20170205</subfield><subfield code="h">010330</subfield></datafield></record></collection>